@inproceedings{vanhoef2016,
	title={Why MAC address randomization is not enough: An analysis of Wi-Fi network discovery mechanisms},
	author={Vanhoef, Mathy and Matte, C{\'e}lestin and Cunche, Mathieu and Cardoso, Leonardo S and Piessens, Frank},
	booktitle={Proceedings of the 11th ACM on Asia Conference on Computer and Communications Security},
	pages={413--424},
	year={2016},
	organization={ACM}
}

@article{martin2017,
  title={A Study of MAC Address Randomization in Mobile Devices and When it Fails},
  author={Martin, Jeremy and Mayberry, Travis and Donahue, Collin and Foppe, Lucas and Brown, Lamont and Riggins, Chadwick and Rye, Erik C and Brown, Dane},
  journal={arXiv preprint arXiv:1703.02874},
  year={2017}
}

@inproceedings{matte2016,
  title={Defeating mac address randomization through timing attacks},
  author={Matte, C{\'e}lestin and Cunche, Mathieu and Rousseau, Franck and Vanhoef, Mathy},
  booktitle={Proceedings of the 9th ACM Conference on Security \& Privacy in Wireless and Mobile Networks},
  pages={15--20},
  year={2016},
  organization={ACM}
}

@inproceedings{vo2016,
  title={Fingerprinting Wi-Fi devices using software defined radios},
  author={Vo-Huu, Tien Dang and Vo-Huu, Triet Dang and Noubir, Guevara},
  booktitle={Proceedings of the 9th ACM Conference on Security \& Privacy in Wireless and Mobile Networks},
  pages={3--14},
  year={2016},
  organization={ACM}
}

@article{konto2017,
  title={Urban phenology: Toward a real-time census of the city using Wi-Fi data},
  author={Kontokosta, Constantine E and Johnson, Nicholas},
  journal={Computers, Environment and Urban Systems},
  volume={64},
  pages={144--153},
  year={2017},
  publisher={Elsevier}
}
