@inproceedings{vanhoef2016,
	title={Why MAC address randomization is not enough: An analysis of Wi-Fi network discovery mechanisms},
	author={Vanhoef, Mathy and Matte, C{\'e}lestin and Cunche, Mathieu and Cardoso, Leonardo S and Piessens, Frank},
	booktitle={Proceedings of the 11th ACM on Asia Conference on Computer and Communications Security},
	pages={413--424},
	year={2016},
	organization={ACM}
}

@article{martin2017,
  title={A Study of MAC Address Randomization in Mobile Devices and When it Fails},
  author={Martin, Jeremy and Mayberry, Travis and Donahue, Collin and Foppe, Lucas and Brown, Lamont and Riggins, Chadwick and Rye, Erik C and Brown, Dane},
  journal={arXiv preprint arXiv:1703.02874},
  year={2017}
}

@inproceedings{matte2016,
  title={Defeating mac address randomization through timing attacks},
  author={Matte, C{\'e}lestin and Cunche, Mathieu and Rousseau, Franck and Vanhoef, Mathy},
  booktitle={Proceedings of the 9th ACM Conference on Security \& Privacy in Wireless and Mobile Networks},
  pages={15--20},
  year={2016},
  organization={ACM}
}

@inproceedings{vo2016,
  title={Fingerprinting Wi-Fi devices using software defined radios},
  author={Vo-Huu, Tien Dang and Vo-Huu, Triet Dang and Noubir, Guevara},
  booktitle={Proceedings of the 9th ACM Conference on Security \& Privacy in Wireless and Mobile Networks},
  pages={3--14},
  year={2016},
  organization={ACM}
}

@article{konto2017,
  title={Urban phenology: Toward a real-time census of the city using Wi-Fi data},
  author={Kontokosta, Constantine E and Johnson, Nicholas},
  journal={Computers, Environment and Urban Systems},
  volume={64},
  pages={144--153},
  year={2017},
  publisher={Elsevier}
}

@article{ieee2013,
	title={Part 11: Wireless LAN Medium Access Control (MAC) and Physical Layer (PHY) Specifications; Amendment 4: Enhancements for Very High Throughput for Operation in Bands below 6 GHzA},
	year={2013},
	author={IEEE}
}

@inproceedings{zarim2006,
  title={Indoor 802.1 x based location determination and realtime tracking},
  author={Zarimpas, Vasileios and Honary, Bahram and Darnell, Mike},
  booktitle={The IET International Conference on Wireless, Mobile and Multimedia Networks (ICWMMN 2006), Hang Zhou, China},
  year={2006},
  organization={IET}
}

@article{sap2015,
  title={Tracking human mobility using wifi signals},
  author={Sapiezynski, Piotr and Stopczynski, Arkadiusz and Gatej, Radu and Lehmann, Sune},
  journal={PloS one},
  volume={10},
  number={7},
  pages={e0130824},
  year={2015},
  publisher={Public Library of Science}
}

@inproceedings{reki2007,
  title={LifeTag: WiFi-based continuous location logging for life pattern analysis},
  author={Rekimoto, Jun and Miyaki, Takashi and Ishizawa, Takaaki},
  booktitle={LoCA},
  volume={2007},
  pages={35--49},
  year={2007}
}

@inproceedings{freud2015,
  title={How talkative is your mobile device?: an experimental study of Wi-Fi probe requests},
  author={Freudiger, Julien},
  booktitle={Proceedings of the 8th ACM Conference on Security \& Privacy in Wireless and Mobile Networks},
  pages={8},
  year={2015},
  organization={ACM}
}

@inproceedings{green2008,
  title={Improving wireless privacy with an identifier-free link layer protocol},
  author={Greenstein, Ben and McCoy, Damon and Pang, Jeffrey and Kohno, Tadayoshi and Seshan, Srinivasan and Wetherall, David},
  booktitle={Proceedings of the 6th international conference on Mobile systems, applications, and services},
  pages={40--53},
  year={2008},
  organization={ACM}
}

@misc{sss2016,
  title = {Smart Street Sensor project},
  author={CDRC},
  howpublished = "\url{goo.gl/E4tR8o}",
  year = {2016}, 
  note = "[Online; accessed 31-January-2018]"
}
